<record><leader>00000cas a22000007a 4500</leader><controlfield tag="001">10376758</controlfield><controlfield tag="008">840204d18561900njuwr ne      0    0eng d</controlfield><datafield ind1=" " ind2=" " tag="010"><subfield code="a">sn 84026289 </subfield></datafield><datafield ind1=" " ind2=" " tag="040"><subfield code="a">NPU</subfield><subfield code="b">eng</subfield><subfield code="c">NPU</subfield><subfield code="d">NPX</subfield><subfield code="d">NPA</subfield><subfield code="d">NJW</subfield><subfield code="d">MGN</subfield><subfield code="d">OCLCQ</subfield></datafield><datafield ind1=" " ind2=" " tag="042"><subfield code="a">msc</subfield></datafield><datafield ind1="0" ind2="0" tag="245"><subfield code="a">Weekly true American.</subfield></datafield><datafield ind1=" " ind2=" " tag="260"><subfield code="a">Trenton, N.J. :</subfield><subfield code="b">David Naar,</subfield><subfield code="c">1856-</subfield></datafield><datafield ind1=" " ind2=" " tag="300"><subfield code="a">v. :</subfield><subfield code="b">ill. (chiefly advertisements)</subfield></datafield><datafield ind1=" " ind2=" " tag="310"><subfield code="a">Weekly</subfield></datafield><datafield ind1="0" ind2=" " tag="362"><subfield code="a">Vol. 36, no. 2 (Jan. 11, 1856)-</subfield></datafield><datafield ind1="1" ind2=" " tag="362"><subfield code="a">Ceased in 1900.</subfield></datafield><datafield ind1=" " ind2=" " tag="500"><subfield code="a">Publishers: David Naar, 1856-&lt;1867&gt;; Moses D. Naar, Joshua S. Day &amp; Joseph L. Naar, &lt;1876-1880&gt;.</subfield></datafield><datafield ind1=" " ind2=" " tag="500"><subfield code="a">Editor: David Naar, 1856-&lt;1867&gt;.</subfield></datafield><datafield ind1=" " ind2=" " tag="500"><subfield code="a">Democratic.</subfield></datafield><datafield ind1=" " ind2=" " tag="515"><subfield code="a">Suspended Aug.-Oct. 1861.</subfield></datafield><datafield ind1=" " ind2=" " tag="530"><subfield code="a">Also issued on microfilm as part of the Civil War newspapers collection.</subfield></datafield><datafield ind1=" " ind2=" " tag="752"><subfield code="a">United States</subfield><subfield code="b">New Jersey</subfield><subfield code="c">Mercer</subfield><subfield code="d">Trenton.</subfield></datafield><datafield ind1="0" ind2=" " tag="775"><subfield code="t">Daily true American</subfield><subfield code="w">(DLC)sn 84026288</subfield><subfield code="w">(OCoLC)10376628</subfield></datafield><datafield ind1="0" ind2="0" tag="780"><subfield code="t">True American (Trenton, N.J. : 1847)</subfield><subfield code="w">(DLC)sn 84020599</subfield><subfield code="w">(OCoLC)11219683</subfield></datafield></record>